<?xml version="1.0" encoding="UTF-8"?><collection xmlns="http://www.loc.gov/MARC21/slim"><record><leader>00553nam--2200193-i-4500</leader><controlfield tag="001">000036904</controlfield><controlfield tag="002">20161230</controlfield><controlfield tag="005">20170102212038</controlfield><controlfield tag="008">060222s1000------------r-----000-0-rum-d</controlfield><datafield ind1=" " ind2=" " tag="040"><subfield code="a">IFIN-HH</subfield></datafield><datafield ind1=" " ind2=" " tag="041"><subfield code="a">rum</subfield></datafield><datafield ind1=" " ind2=" " tag="080"><subfield code="a">524</subfield></datafield><datafield ind1="1" ind2=" " tag="100"><subfield code="a">Popovici, Calin</subfield></datafield><datafield ind1="1" ind2="0" tag="245"><subfield code="a">Stelele. date fizice, structura interna, originea si evolutia lor</subfield><subfield code="c">Calin Popovici</subfield></datafield><datafield ind1=" " ind2=" " tag="260"><subfield code="a">Bucuresti</subfield><subfield code="b">Editura Tehnica</subfield><subfield code="c">1958</subfield></datafield><datafield ind1=" " ind2=" " tag="300"><subfield code="a">285 p</subfield></datafield><datafield ind1=" " ind2=" " tag="490"><subfield code="a">Biblioteca Societatii De Stiinte Matematice Si Fizice</subfield></datafield><datafield ind1=" " ind2=" " tag="852"><subfield code="a">47720</subfield><subfield code="c">521/522</subfield></datafield><datafield ind1=" " ind2=" " tag="CAT"><subfield code="a">SYS</subfield><subfield code="c">20170102</subfield><subfield code="h">212038</subfield></datafield></record></collection>